<record><leader>02020cam a2200457 i 4500</leader><controlfield tag="001">6808269</controlfield><controlfield tag="003">OCoLC</controlfield><controlfield tag="005">20150204121818.0</controlfield><controlfield tag="008">140326t20152015njuab    b    001 0 eng c</controlfield><datafield ind1=" " ind2=" " tag="010"><subfield code="a">  2014012276</subfield></datafield><datafield ind1=" " ind2=" " tag="020"><subfield code="a">9781558765757 (hardcover : alk. paper)</subfield></datafield><datafield ind1=" " ind2=" " tag="020"><subfield code="a">1558765751 (hardcover : alk. paper)</subfield></datafield><datafield ind1=" " ind2=" " tag="020"><subfield code="a">9781558765764 (pbk. : alk. paper)</subfield></datafield><datafield ind1=" " ind2=" " tag="020"><subfield code="a">155876576X (pbk. : alk. paper)</subfield></datafield><datafield ind1=" " ind2=" " tag="035"><subfield code="a">ocn884500044</subfield></datafield><datafield ind1=" " ind2=" " tag="040"><subfield code="a">IEN/DLC</subfield><subfield code="b">eng</subfield><subfield code="e">rda</subfield><subfield code="c">INU</subfield><subfield code="d">DLC</subfield><subfield code="d">YDXCP</subfield><subfield code="d">IUL</subfield><subfield code="d">UAB</subfield><subfield code="d">AEU</subfield></datafield><datafield ind1=" " ind2=" " tag="042"><subfield code="a">pcc</subfield></datafield><datafield ind1=" " ind2=" " tag="043"><subfield code="a">f------</subfield><subfield code="a">f-sa---</subfield></datafield><datafield ind1="0" ind2="0" tag="050"><subfield code="a">HQ1787</subfield><subfield code="b">.R65 2015</subfield></datafield><datafield ind1=" " ind2="4" tag="050"><subfield code="a">HQ1787</subfield><subfield code="b">.R65 2015</subfield></datafield><datafield ind1="0" ind2="4" tag="082"><subfield code="a">305.4096</subfield><subfield code="2">23</subfield></datafield><datafield ind1=" " ind2=" " tag="090"><subfield code="a">HQ 1787 R65 2015</subfield><subfield code="b">AEU</subfield></datafield><datafield ind1="1" ind2=" " tag="100"><subfield code="a">Romero, Patricia W.,</subfield><subfield code="e">author.</subfield></datafield><datafield ind1="1" ind2="0" tag="245"><subfield code="a">African women :</subfield><subfield code="b">a historical panorama /</subfield><subfield code="c">Patricia W. Romero.</subfield></datafield><datafield ind1=" " ind2="1" tag="264"><subfield code="a">Princeton :</subfield><subfield code="b">Markus Wiener Publishers,</subfield><subfield code="c">[2015]</subfield></datafield><datafield ind1=" " ind2="4" tag="264"><subfield code="c">&#169;2015</subfield></datafield><datafield ind1=" " ind2=" " tag="300"><subfield code="a">xii, 359 pages :</subfield><subfield code="b">illustrations, maps ;</subfield><subfield code="c">23 cm</subfield></datafield><datafield ind1=" " ind2=" " tag="336"><subfield code="a">text</subfield><subfield code="b">txt</subfield><subfield code="2">rdacontent</subfield></datafield><datafield ind1=" " ind2=" " tag="337"><subfield code="a">unmediated</subfield><subfield code="b">n</subfield><subfield code="2">rdamedia</subfield></datafield><datafield ind1=" " ind2=" " tag="338"><subfield code="a">volume</subfield><subfield code="b">nc</subfield><subfield code="2">rdacarrier</subfield></datafield><datafield ind1=" " ind2=" " tag="504"><subfield code="a">Includes bibliographical references (pages 341-354) and index.</subfield></datafield><datafield ind1="0" ind2="0" tag="505"><subfield code="t">Pre-colonial queens and powerful women --</subfield><subfield code="t">At the Cape of Good Hope : European interactions with the Khoe/San --</subfield><subfield code="t">Women and slavery --</subfield><subfield code="t">Transitioning --</subfield><subfield code="t">The South African body: defiled, diseased, devastated, and destroyed --</subfield><subfield code="t">Women and colonialism in Africa --</subfield><subfield code="t">Anti-colonial conflict and health --</subfield><subfield code="t">On the road to freedom and post-colonial issues --</subfield><subfield code="t">The march of the women.</subfield></datafield><datafield ind1=" " ind2=" " tag="596"><subfield code="a">43</subfield></datafield><datafield ind1=" " ind2="0" tag="650"><subfield code="a">Women</subfield><subfield code="z">Africa</subfield><subfield code="x">History.</subfield></datafield><datafield ind1=" " ind2="0" tag="650"><subfield code="a">Women</subfield><subfield code="z">South Africa</subfield><subfield code="x">History.</subfield></datafield><datafield ind1=" " ind2="0" tag="650"><subfield code="a">Women</subfield><subfield code="z">Africa</subfield><subfield code="x">Social conditions.</subfield></datafield><datafield ind1=" " ind2="0" tag="650"><subfield code="a">Women</subfield><subfield code="z">South Africa</subfield><subfield code="x">Social conditions.</subfield></datafield><datafield ind1=" " ind2="0" tag="650"><subfield code="a">Women and war</subfield><subfield code="z">Africa</subfield><subfield code="x">History.</subfield></datafield><datafield ind1=" " ind2="0" tag="650"><subfield code="a">Imperialism</subfield><subfield code="x">Social aspects</subfield><subfield code="z">Africa.</subfield></datafield><datafield ind1=" " ind2=" " tag="949"><subfield code="a">HQ 1787 R65 2015</subfield><subfield code="h">UAHS-B</subfield><subfield code="i">0162035240603</subfield></datafield><datafield ind1=" " ind2=" " tag="926"><subfield code="a">HQ 1787 R65 2015</subfield><subfield code="w">LC</subfield><subfield code="c">1</subfield><subfield code="i">0162035240603</subfield><subfield code="d">2/1/2016</subfield><subfield code="e">1/27/2016</subfield><subfield code="l">ON_SHELF</subfield><subfield code="m">UAHSS</subfield><subfield code="n">4</subfield><subfield code="p">$150.00</subfield><subfield code="r">Y</subfield><subfield code="s">Y</subfield><subfield code="t">BOOK</subfield><subfield code="u">2/19/2015</subfield></datafield></record>